<?xml version="1.0" encoding="UTF-8"?><collection xmlns="http://www.loc.gov/MARC21/slim"><record><leader>00483nam--2200193-i-4500</leader><controlfield tag="001">000026420</controlfield><controlfield tag="002">20161230</controlfield><controlfield tag="005">20170115233614</controlfield><controlfield tag="008">060222s1000------------r-----000-0-rus-d</controlfield><datafield ind1=" " ind2=" " tag="040"><subfield code="a">IFIN-HH</subfield></datafield><datafield ind1=" " ind2=" " tag="041"><subfield code="a">rus</subfield></datafield><datafield ind1=" " ind2=" " tag="080"><subfield code="a">537.8</subfield></datafield><datafield ind1="1" ind2=" " tag="100"><subfield code="a">Ioffe, B.A</subfield></datafield><datafield ind1="1" ind2="0" tag="245"><subfield code="a">Orientirovanie detalei elektromagnitnim polem</subfield><subfield code="c">B.A. Ioffe, R.K. Kalnini</subfield></datafield><datafield ind1=" " ind2=" " tag="260"><subfield code="a">Riga</subfield><subfield code="b">Zinatne</subfield><subfield code="c">1972</subfield></datafield><datafield ind1=" " ind2=" " tag="300"><subfield code="a">300P</subfield></datafield><datafield ind1="1" ind2=" " tag="700"><subfield code="a">Kalnini, R.K</subfield></datafield><datafield ind1=" " ind2=" " tag="852"><subfield code="a">76183</subfield><subfield code="c">538.4</subfield></datafield><datafield ind1=" " ind2=" " tag="CAT"><subfield code="a">SYS</subfield><subfield code="c">20170115</subfield><subfield code="h">233614</subfield></datafield></record></collection>